%% This BibTeX bibliography file was created using BibDesk.
%% https://bibdesk.sourceforge.io/

%% Created for Marco Piangerelli at 2019-09-30 12:48:04 +0200 

%% Saved with string encoding Unicode (UTF-8) 


@article{paperopoli,
  author    = {Paolino, Paperino and Paperone, De Paperoni and John Davison, Rockerducki},
  date      = {2011},
  publisher = {Hoepli},
  title     = {Il deposito di Paperopoli}
}

@online{trello,
  author = {Trello},
  title  = {Trello},
  url    = {https://trello.com/}
}

@book{ajax,
  author    = {Joe, Fawcett and Jeremy, McPeak and Nicholas, C.Zakas},
  date      = {2007},
  location  = {Milano},
  publisher = {Hoepli},
  title     = {Ajax Guida per lo sviluppatore}
}

@article{MP,
  author  = {MP},
  journal = {ACM},
  title   = {titolo},
  year    = {anno}
}

@article{html5,
  author  = {html5},
  journal = {ACM},
  title   = {titolo},
  year    = {anno}
}