%% This BibTeX bibliography file was created using BibDesk.
%% https://bibdesk.sourceforge.io/

%% Created for Marco Piangerelli at 2019-09-30 12:48:04 +0200 

%% Saved with string encoding Unicode (UTF-8) 


@article{OnionRouting,
  title  = {Onion Routing for Anonymous and Private Internet Connections },
  author = {Goldschlag D., Reed M., Syverson P.},
  year   = {1999}
}

@article{ChaumMixes,
  title   = {Untraceable Electronic Mail, Return Addresses, and Digital Pseudonyms},
  author  = {David Chaum},
  journal = {ACM},
  year    = {1981}
}

% location  = {Milano},
% publisher = {Hoepli},

@article{onionv2,
  author = {Roger Dingledine, Nick Mathewson, Paul Syverson},
  title  = {Tor: The Second-Generation Onion Router},
  year   = {agosto 2004}
}

@online{Torv3,
  title  = {Rendezvous Specification - Version 3},
  author = {Tor},
  publisher = {Tor},
  date   = {2013},
  url    = {https://gitweb.torproject.org/torspec.git/tree/rend-spec-v3.txt}
}

@online{TorRepo,
  title  = {enable official repo},
  author = {Tor},
  url    = {https://support.torproject.org/apt/tor-deb-repo/}
}

@online{SetupOnionService,
  title  = {setup onion service},
  author = {Tor},
  url    = {https://community.torproject.org/onion-services/setup/}
}

@online{V3AddressGeneratorRepo,
  title  = {mkp224o - vanity address generator for ed25519 onion services},
  author = {cathugger},
  url    = {https://github.com/cathugger/mkp224o/}
}
